<?xml version="1.0" encoding="utf-8"?>
<record xmlns="http://www.loc.gov/MARC21/slim" xmlns:xsi="http://www.w3.org/2001/XMLSchema-instance" xsi:schemaLocation="http://www.loc.gov/MARC21/slim http://www.loc.gov/standards/marcxml/schema/MARC21slim.xsd">
	<leader>     nam a22        4500</leader>
	<controlfield tag="001">3111292</controlfield>
	<controlfield tag="003">NNC</controlfield>
	<controlfield tag="006">m        d        </controlfield>
	<controlfield tag="007">cr cn |||m|||a</controlfield>
	<controlfield tag="008">150812s1889    ua      o     000 0 ara d</controlfield>
	<datafield ind1=" " ind2=" " tag="040">
		<subfield code="a">NNU</subfield>
		<subfield code="b">eng</subfield>
		<subfield code="e">rda</subfield>
		<subfield code="c">NNU</subfield>
	</datafield>
	<datafield ind1="1" ind2=" " tag="100">
		<subfield code="6">880-01</subfield>
		<subfield code="a">Sujāʻī, Aḥmad ibn Aḥmad,</subfield>
		<subfield code="d">-1783?</subfield>
	</datafield>
	<datafield ind1="1" ind2="0" tag="245">
		<subfield code="6">880-02</subfield>
		<subfield code="a">Ḥāshiyat al-ʻallāmah al-Sujāʻī al-musammah Fatḥ al-jalīl ʻalá Sharḥ Ibn ʻAqīl ʻalá matn al-Alfīyah li-Ibn Mālik fī ʻilm al-ʻArabīyah :</subfield>
		<subfield code="b"> Wa-bi-hāmishihā al-Sharḥ al-madhkūr wa-nubadh laṭīfah mulakhkhaṣah min taqrīr al-ustādh al-ʻallāmah shaykh al-mashāyikh al-Shaykh Muḥammad al-Anbābī al-ʻallāmah al-Sujāʻī ʻalá sharḥ al-qaṭr.</subfield>
	</datafield>
	<datafield ind1=" " ind2=" " tag="260">
		<subfield code="6">880-03</subfield>
		<subfield code="a">[al-Qāhirah] :</subfield>
		<subfield code="b">[publisher not identified],</subfield>
		<subfield code="c">1306 A.H. [1889 A.D.]</subfield>
	</datafield>
	<datafield ind1=" " ind2=" " tag="300">
		<subfield code="a">online resource (117, 2 pages)</subfield>
	</datafield>
	<datafield ind1=" " ind2=" " tag="336">
		<subfield code="a">text</subfield>
		<subfield code="2">rdacontent</subfield>
	</datafield>
	<datafield ind1=" " ind2=" " tag="337">
		<subfield code="a">computer</subfield>
		<subfield code="2">rdamedia</subfield>
	</datafield>
	<datafield ind1=" " ind2=" " tag="338">
		<subfield code="a">online resource</subfield>
		<subfield code="2">rdacarrier</subfield>
	</datafield>
	<datafield ind1=" " ind2=" " tag="500">
		<subfield code="a">Non-Latin script record</subfield>
	</datafield>
	<datafield ind1=" " ind2=" " tag="500">
		<subfield code="a">Non-Latin script record</subfield>
	</datafield>
	<datafield ind1=" " ind2=" " tag="500">
		<subfield code="a">Part of the Arabic Collections Online (ACO) project, contributed by Columbia University Libraries.</subfield>
	</datafield>
	<datafield ind1=" " ind2=" " tag="533">
		<subfield code="a">Electronic reproduction.</subfield>
		<subfield code="b">New York, N.Y. :</subfield>
		<subfield code="c">New York University,</subfield>
		<subfield code="d">2015.</subfield>
		<subfield code="5">NNU</subfield>
	</datafield>
	<datafield ind1="1" ind2="0" tag="600">
		<subfield code="6">880-04</subfield>
		<subfield code="a">Ibn Hishām, ʻAbd Allāh ibn Yūsuf,</subfield>
		<subfield code="d">1309-1360.</subfield>
		<subfield code="t">Ḳaṭr al-nadā.</subfield>
	</datafield>
	<datafield ind1="1" ind2=" " tag="700">
		<subfield code="6">880-05</subfield>
		<subfield code="a">Anbābī, Muḥammad ibn Muḥammad,</subfield>
		<subfield code="d">1824 or 1825-1895 or 1896,</subfield>
		<subfield code="e">comm.</subfield>
	</datafield>
	<datafield ind1="2" ind2=" " tag="710">
		<subfield code="a">Columbia University.</subfield>
		<subfield code="b">Libraries.</subfield>
	</datafield>
	<datafield ind1="0" ind2=" " tag="730">
		<subfield code="a">Arabic Collections Online.</subfield>
	</datafield>
	<datafield ind1="0" ind2="8" tag="776">
		<subfield code="i">Print version:</subfield>
		<subfield code="a">Sujāʻī, Aḥmad ibn Aḥmad, -1783?</subfield>
		<subfield code="t">Ḥāshiyat al-ʻallāmah al-Sujāʻī al-musammah Fatḥ al-jalīl ʻalá Sharḥ Ibn ʻAqīl ʻalá matn al-Alfīyah li-Ibn Mālik fī ʻilm al-ʻArabīyah</subfield>
		<subfield code="w">(NNC)3111292</subfield>
		<subfield code="w">(OCoLC)48173285</subfield>
	</datafield>
	<datafield ind1="4" ind2="0" tag="856">
		<subfield code="u">http://hdl.handle.net/2333.1/9kd51fkc</subfield>
	</datafield>
	<datafield ind1="1" ind2=" " tag="880">
		<subfield code="6">100-01/r</subfield>
		<subfield code="a">سجاعي، احمد بن احمد،</subfield>
		<subfield code="d">1783؟</subfield>
	</datafield>
	<datafield ind1="1" ind2="0" tag="880">
		<subfield code="6">245-02/r</subfield>
		<subfield code="a">حاشية العلامة السجاعي المسماه فتح الجليل على شرح ابن عقيل على متن الالفية لاابن مالك في علم العربية :</subfield>
		<subfield code="b"> وبهامشها الشرح المذكور ونبذ لطيفة ملخصة من تقرير الأستاذ العلامة شيخ المشايخ الشيخ محمد الانبابي العلامة السجاعي على شرح القطر.</subfield>
	</datafield>
	<datafield ind1=" " ind2=" " tag="880">
		<subfield code="6">260-03/r</subfield>
		<subfield code="a">[القاهرة] :</subfield>
		<subfield code="b">[publisher not identified]،</subfield>
		<subfield code="c">1306 ا.ه. [1889 ا.د.]</subfield>
	</datafield>
	<datafield ind1="1" ind2="4" tag="880">
		<subfield code="6">600-04/r</subfield>
		<subfield code="a">ابن هشام، عبد الله بن يوسف،</subfield>
		<subfield code="d">1309-1360.</subfield>
		<subfield code="t">كطر الندا.</subfield>
	</datafield>
	<datafield ind1="1" ind2=" " tag="880">
		<subfield code="6">700-05/r</subfield>
		<subfield code="a">انبابي، محمد بن محمد،</subfield>
		<subfield code="d">1824 or 1825-1895 or 1896</subfield>
	</datafield>
	<datafield ind1=" " ind2=" " tag="959">
		<subfield code="a">NNU</subfield>
		<subfield code="b">WEB</subfield>
		<subfield code="c">GENI</subfield>
		<subfield code="t">0</subfield>
		<subfield code="m">Electronic access</subfield>
		<subfield code="s">01</subfield>
	</datafield>
	<datafield ind1=" " ind2=" " tag="999">
		<subfield code="i">NNC_3111292</subfield>
		<subfield code="o">(OCoLC)ocm48173285</subfield>
		<subfield code="s">columbia_aco000659</subfield>
		<subfield code="e">(ERROR-880)</subfield>
		<subfield code="s">columbia_aco000659</subfield>
	</datafield>
</record>
